<?xml version="1.0" encoding="UTF-8"?><record xmlns="http://www.loc.gov/MARC21/slim" xmlns:cinclude="http://apache.org/cocoon/include/1.0" xmlns:zs="http://www.loc.gov/zing/srw/">
  <leader>00475cz  a2200145n  4500</leader>
  <controlfield tag="001">n  94090710 </controlfield>
  <controlfield tag="003">DLC</controlfield>
  <controlfield tag="005">20030428093223.0</controlfield>
  <controlfield tag="008">940920n| acannaab           |a aaa     c</controlfield>
  <datafield tag="010" ind1=" " ind2=" ">
    <subfield code="a">n  94090710 </subfield>
  </datafield>
  <datafield tag="040" ind1=" " ind2=" ">
    <subfield code="a">CU</subfield>
    <subfield code="c">CU</subfield>
  </datafield>
  <datafield tag="100" ind1="1" ind2="0">
    <subfield code="a">Saborido, Jorge</subfield>
  </datafield>
  <datafield tag="400" ind1="1" ind2="0">
    <subfield code="a">Saborido, J. R.</subfield>
    <subfield code="q">(Jorge R.)</subfield>
  </datafield>
  <datafield tag="670" ind1=" " ind2=" ">
    <subfield code="a">Presencia andaluza en Arentina en al posguerra civil espanĚola, 1992:</subfield>
    <subfield code="b">t.p. (J.R. Saborido) t.p. (Jorge R. Saborido)</subfield>
  </datafield>
  <datafield tag="670" ind1=" " ind2=" ">
    <subfield code="a">LC database, 09-20-94:</subfield>
    <subfield code="b">(hdg.: Saborido, Jorge)</subfield>
  </datafield>
</record>